<record><leader>00000cas a22000001a 4500</leader><controlfield tag="001">33249063</controlfield><controlfield tag="007">hd afb---baca</controlfield><controlfield tag="007">hd bfb---baaa</controlfield><controlfield tag="008">951005u1851uuuucauwr nea     0    0eng  </controlfield><datafield ind1=" " ind2=" " tag="010"><subfield code="a">sn 94096089 </subfield></datafield><datafield ind1=" " ind2=" " tag="040"><subfield code="a">DLC</subfield><subfield code="b">eng</subfield><subfield code="c">RQM</subfield><subfield code="d">OCL</subfield><subfield code="d">OCLCQ</subfield><subfield code="d">OCLCF</subfield><subfield code="d">OCLCO</subfield></datafield><datafield ind1=" " ind2=" " tag="012"><subfield code="i">9510</subfield></datafield><datafield ind1=" " ind2=" " tag="042"><subfield code="a">pcc</subfield></datafield><datafield ind1=" " ind2=" " tag="043"><subfield code="a">n-us-ca</subfield></datafield><datafield ind1="0" ind2="0" tag="050"><subfield code="a">Microfilm 05739</subfield></datafield><datafield ind1="0" ind2="0" tag="245"><subfield code="a">California Christian advocate</subfield><subfield code="h">[microform].</subfield></datafield><datafield ind1="1" ind2="3" tag="246"><subfield code="a">Christian advocate</subfield></datafield><datafield ind1=" " ind2=" " tag="260"><subfield code="a">San Francisco, Calif. :</subfield><subfield code="b">M.C. Briggs, D. Simonds, et. al.,</subfield><subfield code="c">1851-</subfield></datafield><datafield ind1=" " ind2=" " tag="300"><subfield code="a">v. ;</subfield><subfield code="c">53 cm.</subfield></datafield><datafield ind1=" " ind2=" " tag="310"><subfield code="a">Weekly</subfield></datafield><datafield ind1="0" ind2=" " tag="362"><subfield code="a">Vol. 1, no. 1 (Oct. 10, 1851)-</subfield></datafield><datafield ind1=" " ind2=" " tag="500"><subfield code="a">Publishers: John B. Hill, &lt;Jan. 12, 1881&gt;-Oct. 6, 1886; J.D. Hammond, Oct. 13, 1886-&lt;Nov. 30, 1892&gt;.</subfield></datafield><datafield ind1=" " ind2=" " tag="500"><subfield code="a">"Published for the General Conference of the Methodist Episcopal Church," &lt;Jan. 12, 1881&gt;-Dec. 14, 1881.</subfield></datafield><datafield ind1=" " ind2=" " tag="533"><subfield code="a">Microfilm.</subfield><subfield code="m">v.43-50 (1893-1900):[Gaps]</subfield><subfield code="b">Washington, D.C. :</subfield><subfield code="c">Library of Congress Preservation Microfilming Program :</subfield><subfield code="c">Available from Library of Congress Photoduplication Service.</subfield><subfield code="e">microfilm reels ; 35 mm.</subfield></datafield><datafield ind1="2" ind2="0" tag="610"><subfield code="a">Methodist Episcopal Church</subfield><subfield code="v">Newspapers.</subfield></datafield><datafield ind1=" " ind2="0" tag="650"><subfield code="a">Methodists</subfield><subfield code="z">California</subfield><subfield code="v">Newspapers.</subfield></datafield><datafield ind1=" " ind2="7" tag="655"><subfield code="a">Newspapers.</subfield><subfield code="2">fast</subfield><subfield code="0">(OCoLC)fst01423814</subfield></datafield><datafield ind1="2" ind2="7" tag="610"><subfield code="a">Methodist Episcopal Church.</subfield><subfield code="2">fast</subfield><subfield code="0">(OCoLC)fst00541689</subfield></datafield><datafield ind1=" " ind2="7" tag="650"><subfield code="a">Methodists.</subfield><subfield code="2">fast</subfield><subfield code="0">(OCoLC)fst01018703</subfield></datafield><datafield ind1=" " ind2="7" tag="651"><subfield code="a">California.</subfield><subfield code="2">fast</subfield><subfield code="0">(OCoLC)fst01204928</subfield></datafield><datafield ind1=" " ind2=" " tag="752"><subfield code="a">United States</subfield><subfield code="b">California</subfield><subfield code="c">San Francisco</subfield><subfield code="d">San Francisco.</subfield></datafield><datafield ind1="1" ind2=" " tag="776"><subfield code="c">Original</subfield><subfield code="w">(DLC)sn 84027215</subfield></datafield><datafield ind1=" " ind2=" " tag="850"><subfield code="a">DLC</subfield><subfield code="a">DLC (master)</subfield></datafield></record>